@phdthesis{rutgers2014:thesis,
	author={Rutgers, Jochem H.},
	title={Programming Models for Many-Core Architectures -- A Co-design
		Approach},
	school={University of Twente},
	address={PO Box 217, 7500 AE Enschede, The Netherlands},
	year={2014},
	month=may,
	day={14},
	number={CTIT Ph.D. Thesis Series No. 14-292},
	issn={1381-3617},
	isbn={978-90-365-3611-0},
	doi={10.3990/1.9789036536110}
}

