@phdthesis{kuiper2018:thesis,
	author={Kuiper, Guus},
	title={PhD thesis template -- Using memoir},
	school={University of Twente},
	address={PO Box 217, 7500 AE Enschede, The Netherlands},
	year={2018},
	month=feb,
	day={14},
	number={CTIT Ph.D. Thesis Series No. 18-xxx},
	issn={12345-6789},
	isbn={987-65-432-1000-5},
	doi={10.1234/1.567891011}
}

